<?xml version="1.0" encoding="UTF-8"?><collection xmlns="http://www.loc.gov/MARC21/slim"><record><leader>00381nam--2200145-i-4500</leader><controlfield tag="001">000028124</controlfield><controlfield tag="002">20161230</controlfield><controlfield tag="005">20161230201037</controlfield><controlfield tag="008">060222s1000------------r-----000-0-eng-d</controlfield><datafield ind1=" " ind2=" " tag="080"><subfield code="a">534.8:681.8:612</subfield></datafield><datafield ind1=" " ind2=" " tag="100"><subfield code="a">Lehmann, R</subfield></datafield><datafield ind1=" " ind2=" " tag="245"><subfield code="a">Elements de physio et de psychoacoustique</subfield></datafield><datafield ind1=" " ind2=" " tag="260"><subfield code="a">Paris, Dunod, 1969, Ix + 144p</subfield></datafield><datafield ind1=" " ind2=" " tag="490"><subfield code="a">Bibliotheque Technique Philips</subfield></datafield><datafield ind1=" " ind2=" " tag="852"><subfield code="a">35384</subfield></datafield></record></collection>